@book{allman-rhodes-2004-mathematical,
author={Allman, Elizabeth S and Rhodes, John A},
year={2004},
title={Mathematical Models in Biology: an introduction},
publisher={Cambridge University Press}}

@book{britton-2002-essential,
author={Britton, Nicholas F},
year={2002},
title={Essential Mathematical Biology},
publisher={Springer}}

@book{hoppensteadt-peskin-2002-modeling,
author={Hoppensteadt, Frank C and Peskin, Charles S},
year={2002},
title={Modeling and Simulation in Medicine and the Life Sciences},
edition={2nd},
publisher={Springer}}

@book{lesk-2002-bioinformatics,
author={Lesk, Arthur M},
year={2002},
title={Introduction to Bioinformatics},
publisher={Oxford University Press}}

@book{murray-1991-mathematical,
author={Murray, J D},
year={1991},
title={Mathematical Biology},
edition={2nd, corrected},
publisher={Springer}}

@misc{riou-2020-adjusted,
author={Riou, Julien and Hauser, Anthony and Counotte, Michel J and Althaus, Christian L},
year={2020},
title={Adjusted age-specific case fatality ratio during the COVID-19 epidemic in Hubei, China, January and February 2020},
howpublished={medRxiv preprint},
doi={10.1101/2020.03.04.20031104}}

@article{wilder-smith-2020-can,
author={Wilder-Smith, Annelies and Chiew, Calvin J and Lee, Vernon J},
year={2020},
title={Can we contain the COVID-19 outbreak with the same measures as for SARS?},
journal={The Lancet: Infectious Diseases},
doi={10.1016/S1473-3099(20)30129-8}}

@article{mallapaty-2020-why,
author={Mallapaty, Smriti},
year={2020},
title={Why does the coronavirus spread so easily?},
journal={Nature},
volume={179},
pages={183}}
